@article{baysal1983reverse,
  title={Reverse time migration},
  author={Baysal, Edip and Kosloff, Dan D and Sherwood, John WC},
  journal={Geophysics},
  volume={48},
  number={11},
  pages={1514--1524},
  year={1983},
  publisher={Society of Exploration Geophysicists}
}

@book{gonzalez2009digital,
  title={Digital image processing},
  author={Gonzalez, Rafael C},
  year={2009},
  publisher={Pearson Education India}
  chapter={7.1: Wavelets and Multiresolution Processing}
}
