
@inproceedings{godwin_blended_2010,
	title = {Blended source imaging by amplitude encoding},
	url = {http://link.aip.org/link/SEGEAB/v29/i1/p3125/s1&Agg=doi},
	doi = {10.1190/1.3513495},
	author = {Jeff Godwin and Paul Sava},
	year = {2010},
	pages = {3125--3129}
},

@inproceedings{shoshitaishvili_fast_2006,
	title = {Fast wavefield migration for wide azimuth data.},
	url = {http://link.aip.org/link/SEGEAB/v25/i1/p2524/s1&Agg=doi},
	doi = {10.1190/1.2370044},
	author = {Elena Shoshitaishvili and {Kyoung-Jin} Lee and Scott Michell and John Etgen},
	year = {2006},
	pages = {2524--2528}
},

@article{krebs_fast_2009,
	title = {Fast full-wavefield seismic inversion using encoded sources},
	volume = {74},
	issn = {00168033},
	url = {http://link.aip.org/link/GPYSA7/v74/i6/pWCC177/s1&Agg=doi},
	doi = {10.1190/1.3230502},
	number = {6},
	journal = {Geophysics},
	author = {Jerome R. Krebs and John E. Anderson and David Hinkley and Ramesh Neelamani and Sunwoong Lee and Anatoly Baumstein and {Martin-Daniel} Lacasse},
	year = {2009},
	pages = {WCC177}
}

@article{duquet_3d_1999,
	title = {{3D} Plane wave migration of streamer data},
	volume = {20},
	issn = {10523812},
	url = {http://link.aip.org/link/?SGA/20/1033/1&Agg=doi},
	doi = {10.1190/1.1816257},
	number = {1},
	journal = {{SEG} Technical Program Expanded Abstracts},
	author = {Bertrand Duquet},
	year = {1999},
	pages = {1033}
}
